<?xml version="1.0" encoding="UTF-8"?><collection xmlns="http://www.loc.gov/MARC21/slim"><record><leader>00335nam--2200133-i-4500</leader><controlfield tag="001">000021249</controlfield><controlfield tag="002">20161230</controlfield><controlfield tag="005">20161230201034</controlfield><controlfield tag="008">060222s1000------------r-----000-0-eng-d</controlfield><datafield ind1=" " ind2=" " tag="080"><subfield code="a">512.942:512.972</subfield></datafield><datafield ind1=" " ind2=" " tag="100"><subfield code="a">Hay, G.E</subfield></datafield><datafield ind1=" " ind2=" " tag="245"><subfield code="a">Vector and tensor analysis</subfield></datafield><datafield ind1=" " ind2=" " tag="260"><subfield code="a">New York, Dover Publications, 1953 Viii + 193 P</subfield></datafield><datafield ind1=" " ind2=" " tag="852"><subfield code="a">12913</subfield></datafield></record></collection>